<?xml version="1.0" encoding="UTF-8"?><collection xmlns="http://www.loc.gov/MARC21/slim"><record><leader>00529nam--2200157-u-4500</leader><controlfield tag="001">000056608</controlfield><controlfield tag="002">20161230</controlfield><controlfield tag="005">20161230201052</controlfield><controlfield tag="008">160329s1000------------r-----000-0-eng-d</controlfield><datafield ind1=" " ind2=" " tag="040"><subfield code="a">IFIN-HH</subfield></datafield><datafield ind1=" " ind2=" " tag="080"><subfield code="a">53</subfield></datafield><datafield ind1="1" ind2=" " tag="100"><subfield code="a">Franklin, J.L</subfield></datafield><datafield ind1="1" ind2="0" tag="245"><subfield code="a">Ionization Potentials, Appearaance Potentials, and Heats of Formation of Gaseous Positive Ions NSRDS-NBS 26</subfield><subfield code="c">J.L. Franklin, J.G. Dillard, H.M. Rosenstock, J.T. Herron, K. Draxl</subfield></datafield><datafield ind1=" " ind2=" " tag="260"><subfield code="a">Washington, D.C</subfield><subfield code="b">National Bureau of Standards</subfield><subfield code="c">1969</subfield></datafield><datafield ind1=" " ind2=" " tag="300"><subfield code="a">iv+285p</subfield></datafield><datafield ind1=" " ind2=" " tag="852"><subfield code="a">33685</subfield></datafield></record></collection>